@online{triptracker,
author = {Microsoft Garage},
title = {Trip Tracker},
url = {https://www.microsoft.com/en-us/garage/profiles/trip-tracker/},
urldate = {2017-10-30}
}
@online{loop,
author = {Microsoft Garage},
title = {Location and Obsevation Platform},
url = {https://www.loop.ms/},
urldate = {2017-10-30}
}
@online{routetracker,
author = {PathHackers},
title = {Route Tracker},
url = {https://play.google.com/store/apps/details?id=com.kendroid.android.routetracker},
urldate = {2017-10-30}
}
@online{polarsteps,
author = {Polarsteps},
title = {Polar Steps},
url = {https://www.polarsteps.com},
urldate = {2017-10-30}
}
@online{googlemap,
author = {Google Inc.},
title = {Google Maps},
url = {https://www.google.com.tr/maps},
urldate = {2017-10-30}
}